<marcxml:record xmlns:xlink="http://www.w3.org/1999/xlink" xmlns:marcxml="http://www.loc.gov/MARC21/slim" xmlns:mets="http://www.loc.gov/METS/" xmlns:mxe="http://www.loc.gov/mxe" xmlns:rdf="http://www.w3.org/1999/02/22-rdf-syntax-ns#" xmlns:rdfs="http://www.w3.org/2000/01/rdf-schema#" xmlns:skos="http://www.w3.org/2004/02/skos/core#" xmlns:madsrdf="http://www.loc.gov/mads/rdf/v1#" xmlns:ri="http://id.loc.gov/ontologies/RecordInfo#" xmlns:sem="http://marklogic.com/semantics">
  <marcxml:leader>00871nz  a2200205n  4500</marcxml:leader>
  <marcxml:controlfield tag="001">nr2002001954</marcxml:controlfield>
  <marcxml:controlfield tag="003">DLC</marcxml:controlfield>
  <marcxml:controlfield tag="005">20020123033141.0</marcxml:controlfield>
  <marcxml:controlfield tag="008">020114n| acannaabn          |a aaa     c</marcxml:controlfield>
  <marcxml:datafield tag="010" ind1=" " ind2=" ">
    <marcxml:subfield code="a">nr2002001954</marcxml:subfield>
  </marcxml:datafield>
  <marcxml:datafield tag="040" ind1=" " ind2=" ">
    <marcxml:subfield code="a">MWiCA</marcxml:subfield>
    <marcxml:subfield code="b">eng</marcxml:subfield>
    <marcxml:subfield code="c">MWiCA</marcxml:subfield>
  </marcxml:datafield>
  <marcxml:datafield tag="100" ind1="1" ind2=" ">
    <marcxml:subfield code="a">Caetani, Lelia,</marcxml:subfield>
    <marcxml:subfield code="d">1913-1977</marcxml:subfield>
  </marcxml:datafield>
  <marcxml:datafield tag="400" ind1="1" ind2=" ">
    <marcxml:subfield code="a">Sermoneta, Lelia Caetani di,</marcxml:subfield>
    <marcxml:subfield code="d">1913-1977</marcxml:subfield>
  </marcxml:datafield>
  <marcxml:datafield tag="400" ind1="1" ind2=" ">
    <marcxml:subfield code="a">Caetani Howard, Lelia,</marcxml:subfield>
    <marcxml:subfield code="d">1913-1977</marcxml:subfield>
  </marcxml:datafield>
  <marcxml:datafield tag="400" ind1="1" ind2=" ">
    <marcxml:subfield code="a">Howard, Lelia Caetani,</marcxml:subfield>
    <marcxml:subfield code="d">1913-1977</marcxml:subfield>
  </marcxml:datafield>
  <marcxml:datafield tag="400" ind1="1" ind2=" ">
    <marcxml:subfield code="a">Caetani di Sermoneta, Lelia,</marcxml:subfield>
    <marcxml:subfield code="d">1913-1977</marcxml:subfield>
  </marcxml:datafield>
  <marcxml:datafield tag="400" ind1="1" ind2=" ">
    <marcxml:subfield code="a">Caetani, Delia,</marcxml:subfield>
    <marcxml:subfield code="d">1913-1977</marcxml:subfield>
  </marcxml:datafield>
  <marcxml:datafield tag="400" ind1="1" ind2=" ">
    <marcxml:subfield code="a">Di Sermoneta, Lelia Caetani,</marcxml:subfield>
    <marcxml:subfield code="d">1913-1977</marcxml:subfield>
  </marcxml:datafield>
  <marcxml:datafield tag="670" ind1=" " ind2=" ">
    <marcxml:subfield code="a">Lelia Caetani Howard, 2001:</marcxml:subfield>
    <marcxml:subfield code="b">p. 9 (Lelia Caetani di Sermoneta; Lelia Caetani; wife of Hubert Howard; b. Paris 1913; d. 1977) p. 47 (Lelia Caetani Howard; painter; exhibited Paris 1933-37)</marcxml:subfield>
  </marcxml:datafield>
  <marcxml:datafield tag="670" ind1=" " ind2=" ">
    <marcxml:subfield code="a">Bénézit, 1999</marcxml:subfield>
    <marcxml:subfield code="b">(Caetani, Delia; b. Paris 1913; painter; exhibited Paris 1935-37)</marcxml:subfield>
  </marcxml:datafield>
</marcxml:record>
